@article{rocha2013youonalert,
	title={YouOnAlert: Um Sistema para Alertar Cidad{\~a}os Comuns Acerca de Problemas do Cotidiano das Cidades},
	author={Rocha, A and Vieira, Vaninha and Prazeres, C and Santos, C},
	journal={Proc. of V SBCUP, Macei{\'o}-Brazil},
	year={2013}
}

@article{brabham2008crowdsourcing,
	
	title={Crowdsourcing as a model for problem solving an introduction and cases},
	
	author={Brabham, Daren C},
	
	journal={Convergence: the international journal of research into new media technologies},
	
	volume={14},
	
	number={1},
	
	pages={75--90},
	
	year={2008},
	
	publisher={Sage publications}
}


@article{cardoso2010ouvidoria,
	title={Ouvidoria p{\'u}blica como instrumento de mudan{\c{c}}a},
	author={Cardoso, Antonio Semeraro Rito},
	year={2010},
	publisher={Instituto de Pesquisa Econ{\^o}mica Aplicada (Ipea)}
}


@article{lyra2004ouvidor,
	title={Ouvidor: o defensor dos direitos na administra{\c{c}}{\~a}o p{\'u}blica brasileira},
	author={Lyra, Rubens Pinto},
	journal={Rubens Pinto Lyra, organizador. Aut{\^o}nomas x obedientes: a ouvidoria p{\'u}blica em debate. Jo{\~a}o Pessoa (PB): Ed. universit{\'a}ria da UFPB},
	year={2004}
}

@article{quirino2016estrategias,
	title={Estrat{\'e}gias crowdsourcing para aplicativos de cidades},
	author={Quirino, Wancharle S and Santos, Celso AS and Calles, Juan XEA and Tinelli, Fernando F},
	year={2016}
}


@article{galoppiniprojeto,
	title={Projeto ?Ouvidoria. com. br?--Crowdsourcing em favor da administra{\c{c}}{\~a}o p{\'u}blica},
	author={Galoppini, Pedro Castello Branco}
}

@article{assis2012ouvidoria,
	title={Ouvidoria {\'e} comunica{\c{c}}{\~a}o},
	author={Assis Iasbeck, Luiz Carlos},
	journal={Revista Organicom},
	volume={7},
	number={12},
	year={2012}
}

@article{decrowdbus,
	title={Crowdbus: Aplicativo Crowdsourcing para Informa{\c{c}}{\~a}o, Localiza{\c{c}}{\~a}o, Avalia{\c{c}}{\~a}o e Fiscaliza{\c{c}}{\~a}o de Frotas de {\^o}nibus},
	author={de Sousa Junior, Sotero Rocha and dos Santos Lima, Rodrigo and da Cunha, Rodrigo Augusto Hon{\'o}rio}
}

@article{polidori2005crescimento,
	title={Crescimento urbano e ambiente: um estudo explorat{\'o}rio sobre as transforma{\c{c}}{\~o}es e o futuro da cidade},
	author={Polidori, Mauricio Couto},
	year={2005}
}

